\begin{thebibliography}{99}

\bibitem{96} 
\textit{Liu F., Song Y.Z., Xiang T., Hospedales T., Yu Q., Yang Y.X.M.} A deep neural network that beats humans // International Journal of Computer Vision. 2016. P. 1--15.

\bibitem{99}
\textit{Lucas P. J. F., Van der Gaag L. C., Abu-Hanna A.} Bayesian networks in biomedicine and health-care. // Artificial Intelligence in Medicine. V.30. 2004. P. 201--214.

\bibitem{97} 
\textit{Tan C. S., Yong C. K., Tay Y. H.} Modeling financial ratios of Malaysian plantation stocks using Bayesian Networks // Sustainable Utilization and Development in Engineering and Technology (STUDENT). 2012. P. 7--12.

\bibitem{98} 
\textit{Wang J.F., Liu X.C., Liao Y., Xu B. A.} A new method for assessing the risk of infectious disease outbreak // Scientific reports. 2017 V. 7. P. 40084.

\bibitem{95}  
\textit{Городецкий В.И.} Алгебраические байесовские сети --- новая парадигма экспертных систем // Юбилейный сборник трудов институтов Отделения информатики, вычислительной техники и автоматизации РАН. Т. 2. М.: РАН, 1993. С. 120--141.

\bibitem{94} 
\textit{Городецкий В.И., Тулупьев А.Л.} Формирование непротиворечивых баз знаний с неопределенностью // Изв. РАН. Сер. Теория и системы управления. 1997. Т. 5. C. 33--42.

\bibitem{4} 
\textit{Золотин А.А.} Алгебраические байесовские сети: С\#-библиотека
матрично"=векторных алгоритмов для локальных вычислений оценок вероятностей: дипломная работа // СПб., 2015. 88 c. (Санкт-Петербургский государственный университет.)

\bibitem{76}
\textit{Золотин А.А., Мальчевская Е.А.} Матрично"=векторные алгоритмы локального апостериорного вывода в алгебраических байесовских сетях над идеалами дизъюнктов // XIX Международная конференция по мягким вычислениям и измерениям. 2016. С. 79--82.

\bibitem{91}
\textit{Золотин А.А., Тулупьев А.Л.} Локальный апостериорный вывод в алгебраических байесовских сетях: матрично"=векторная интерпретация // Международная конференция по мягким вычислениям и измерениям. --- Федеральное государственное автономное образовательное учреждение высшего образования Санкт-Петербургский государственный электротехнический университет ЛЭТИ им. ВИ Ульянова (Ленина), 2015. Т. 1. С. 34--37.

\bibitem{51} 
\textit{Золотин А.А., Тулупьев А.Л.} Матрично-векторные алгоритмы глобального апостериорного вывода в алгебраических байесовских сетях // 2017 XX IEEE International Conference on Soft Computing and Measurements (SCM) T. 1. 2017. C. 45--48.

\bibitem{65}
\textit{Золотин А.А., Тулупьев А.Л.} Система локального логико-вероятностного вывода в алгебраических байесовских сетях Algebraic Bayesian Networks Probabilistic-Logic Local Inferrer, Version 01 for CSharp(AlgBN PLL Inferrer cs.v.01)  (Свидетельство). Свид. о гос. регистрации программы для ЭВМ. Рег. № 2015615478(19.05.2015). Роспатент.

\bibitem{74}
\textit{Золотин А.А., Тулупьев А.Л., Сироткин А.В.} Матрично-векторные алгоритмы локального апостериорного вывода в алгебраических байесовских сетях над пропозициями-квантами // Научно-технический вестник информационных технологий, механики и оптики. 2015. Т. 15. №. 4. С. 676--684.

\bibitem{9}
\textit{Золотин А.А., Шляк А.В., Тулупьев А.Л.} Пропагация виртуального стохастического свидетельства в алгебраических байесовских сетях: алгоритмы и уравнения // Труды VII Всероссийской Научно-практической Конференции Нечеткие Системы, Мягкие Вычисления и Интеллектуальные Технологии (НСМВИТ-2017). Т. 2. С. 96--107.
    
\bibitem{68} 
Обзор продуктов JetBrains Rider [Электронный ресурс]. Режим доступа: URL: \href{https://www.jetbrains.com/rider/}{https://www.jetbrains.com/rider/} (дата обращения 09.02.2018).

\bibitem{89}
\textit{Мальчевская Е.А.} Имплементация уравнений локального логико-вероятностного вывода в комплексе программ AlgBN Math Library // Труды VII Всероссийской Научно-практической Конференции Нечеткие Системы, Мягкие Вычисления и Интеллектуальные Технологии (НСМВИТ-2017). Т. 2. С. 125--134.

\bibitem{50}
\textit{Мальчевская Е.А., Золотин А.А.} Логико-вероятностный вывод в АБС: архитектура и примеры использования программного комплекса на языке C\# // Гибридные и Синергетические Интеллектуальные Системы. Материалы III Всероссийской Поспеловской конференции с международным участием. Под редакцией А. В. Колесникова. 2016. C. 181--187.

\bibitem{49} 
\textit{Мальчевская Е.А., Золотин А.А.} Уравнения апостериорного вывода в фрагментах знаний над идеалом дизъюнктов // Всероссийская научная конференция по проблемам информатики (СПИСОК-2017). (Санкт-Петербург, 25-27 апреля 2017 г.). Санкт-Петербург: СПбГУ, 2017. С. 395--403.

\bibitem{111}
Сайт проекта BitBucket [Электронный ресурс]. Режим доступа: URL:\href{https://bitbucket.org/}{https://bitbucket.org/} (дата обращения 09.02.2018).

\bibitem{66}
Сайт проекта Math.Net Numerics [Электронный ресурс]. Режим доступа: URL: \href{https://numerics.mathdotnet.com/}{https://numerics.mathdotnet.com/} (дата обращения 09.02.2018).

\bibitem{67}
Сайт фреймворка NUnit [Электронный ресурс]. Режим доступа: URL: \href{http://nunit.org/}{http://nunit.org/} (дата обращения 09.02.2018).

\bibitem{84} 
\textit{Сироткин А.В.} Алгебраические байесовские сети: вычислительная сложность алгоритмов логико-вероятностного вывода в условиях неопределенности. Дисс. … канд. физ.-мат. наук. СПб.: СПбГУ, 2011. 218 с.
       
\bibitem{93} 
\textit{Тулупьев А.Л.} Алгебраические байесовские сети: глобальный логико-вероятностный вывод в деревьях смежности: Учеб. пособие. Элементы мягких вычислений. СПб.: СПбГУ; ООО Издательство «Анатолия», 2007.	40 с.

\bibitem{184}
\textit{Тулупьев А.Л.} Алгебраические байесовские сети: логико-вероятностная графическая модель баз фрагментов знаний с неопределенностью: дис. ... д-ра физ.-мат. наук. СПб., 2009. 670 с.

\bibitem{121} \textit{Тулупьев А.Л.} Алгебраические байесовские сети: локальный логико-вероятностный вывод:	Учеб. пособие. Элементы мягких вычислений. СПб.: СПбГУ; ООО Издательство «Анатолия», 2007.	80 c.

\bibitem{122} \textit{Тулупьев А.Л.} Байесовские сети: логико-вероятностный вывод в
циклах. СПб.: Изд-во С.-Петербургского ун-та, 2008. 140 с. (Сер.Элементы мягких вычислений.)
\bibitem{124}\textit{Тулупьев А.Л.} Система для апостериорного вывода в алгебраических байесовских сетях и их фрагментах Algebraic Bayesian Networks Propagator, Version 01 for Java (AlgBN Propagator j.v.01) (Свидетельство). Свид. о гос. рег. прогр. для ЭВМ. Рег. № 2009613804 (16.07.2009). Роспатент.. Бюлл. «Прогр. для ЭВМ, БД, топол. инт. микросх.». 2009. № 4. С. 65. 	

\bibitem{123}  \textit{Тулупьев А.Л. }Система представления алгебраических байесовских сетей и их фрагментов Algebraic Bayesian Networks Modeler, Version 01 for Java (AlgBN Modeler j.v.01)(Свидетельство). Свид. о гос. рег. прогр. для ЭВМ. Рег. № 2009613802 (16.07.2009). Роспатент.. Бюлл. «Прогр. для ЭВМ, БД, топол. инт. микросх.». 2009. № 4. С. 64--65.


\bibitem{81}\textit{Тулупьев А.Л., Сироткин А.В.} Программа для моделирования и поддержания непротиворечивости базы фрагментов знаний, представленной в виде алгебраической байесовской сети, Algebraic Bayesian Network Knowledge Patterns Base Reconciler, Version 01 for C++ (AlgBN KPB Reconciler cpp.v.01) (Свидетельство). Свид. о гос. регистрации программы для ЭВМ. Рег. № 2010615241(13.08.2010). Роспатент.

\bibitem{109} 
\textit{Тулупьев А.Л., Сироткин А.В., Николенко С.И.} Байесовские сети доверия: логико-вероятностный вывод в ациклических направленных графах. СПб.: Изд-во С.-Петербургского ун-та, 2009. 400 c.

\bibitem{1} 
\textit{Тулупьев, А.Л., Николенко С.И., Сироткин А.В.} Байесовские сети: логико-вероятностный подход. СПб. : Наука, 2006. 607 с.
 
\bibitem{122} \textit{Тулупьев А.Л., Столяров Д.М., Ментюков М.В.} Представление локальной и глобальной структуры алгебраической байесовской сети в Java-приложениях // Труды СПИИРАН. 2007. Вып. 5. СПб.: Наука, 2007. С. 71--99.
       
       
\bibitem{85} \textit{Тулупьев А.Л., Тулупьева Т.В., Суворова А.В., Абрамов М.В., Золотин А.А., Зотов М.А., Азаров А.А., Мальчевская Е.А., Левенец Д.Г., Торопова А.В., Харитонов Н.А., Бирилло А.И., Сольницев Р.И., Микони С.В., Орлов С.П., Толстов А.В.} Мягкие вычисления и измерения. Модели и методы: монография. Том III // под ред. д.т.н., проф. С.В. Прокопчиной. М.: ИД "НАУЧНАЯ БИБЛИОТЕКА", 2017. 300 с.
              

\bibitem{284} 
\textit{Фильченков А.А.} Синтез графов смежности в машинном обучении глобальных структур алгебраических байесовских сетей // Дисс.... к-та физ.-мат. наук. Самара. 2013. 339 с.

\bibitem{87}
\textit{Фильченков А.А., Тулупьев А.Л., Сироткин А.В.} Особенности анализа вторичной структуры алгебраической байесовской сети // Труды СПИИРАН. 2010. Т. 1. №. 12. С. 97--118.   

\bibitem{70} \textit {Шляк А.В., Золотин А.А. Тулупьев А.Л.} Пропагация виртуального свидетельства в алгебраических байесовских сетях: алгоритмы и их особенности // Всероссийская научная конференция по проблемам информатики (СПИСОК-2017). (Санкт-Петербург, 25-27 апреля 2017 г.). Санкт-Петербург: СПбГУ, 2017. С.450--457.
\end{thebibliography}

